@Book{Kane1985,
  title =     {Dynamics: Theory and Applications},
  publisher = {McGraw-Hill Book Company, New York},
  year =      {1985},
  author =    {T.R. Kane and D.A. Levinson}
}

@book{Lun02,
AUTHOR={Lunze, J.},
TITLE={Regelungstechnik 2: Mehrgr��ensysteme, Digitale Regelung},
ADDRESS={Berlin},
PUBLISHER={Springer Verlag},
YEAR={2002}}

@Article{Njiri2016,
  author =    {J.G. Njiri and D. S{\"o}ffker},
  title =     {State-of-the-Art in Wind Turbine Control: Trends and Challenges},
  journal =   {Renewable and Sustainable Energy Reviews},
  year =      {2016},
  volume =    {60},
  pages =     {377-393},
  owner =     {Njiri},
  timestamp = {2016.02.18}
}

@article{classnotes,
  title={EMT 2540: Advanced Production Technology},
  author={Andanje},
  journal={JKUAT Mechatronic Engineering},
  volume={1},
  number={3},
  pages={40--53},
  year={2022},
  publisher={Maurine Andanje}
}

@book{youssef2020non,
  title={Non-Traditional and Advanced Machining Technologies},
  author={Youssef, Helmi and El-Hofy, Hassan},
  year={2020},
  publisher={CRC Press}
}

@Book{Black2011,
  author    = {Black, J. Temple},
  publisher = {John Wiley & Sons},
  title     = {DeGarmo's Materials and Processes in Manufacturing},
  year      = {2011},
  isbn      = {9780470924679},
}

@Book{Kalpakjian2010,
  author    = {Kalpakjian, Serope},
  publisher = {Prentice Hall},
  title     = {Manufacturing Engineering And Technology},
  year      = {2010},
  isbn      = {9780136081685},
  pages     = {1176},
}

@Comment{jabref-meta: databaseType:bibtex;}
